@article{youtube, 
    title={"YouTube is a \$15 billion-a-year business, Google reveals for the first time"}, 
    url={http://www.theverge.com/2020/2/3/21121207/youtube-google-alphabet-earnings-revenue-first-time-reveal-q4-2019.}, 
    journal={The Verge}, 
    publisher={The Verge}, 
    author={Statt, Nick}, 
    year={2020}, 
    month={Feb}
}